
@article{gorham1991,
  title = {Northern Peatlands: Role in the Carbon Cycle and Probable Responses to Climatic Warming},
  volume = {1},
  doi = {10.2307/1941811},
  abstract = {Boreal and subarctic peatlands comprise a carbon pool of 455 Pg that has accumulated during the postglacial period at an average net rate of 0.096 Pg/yr (1 Pg = 1015g). Using Clymo's (1984) model, the current rate is estimated at 0.076 Pg/yr. Longterm drainage of these peatlands is estimated to be causing the oxidation to CO2 of a little more than 0.0085 Pg/yr, with conbustion of fuel peat adding {\textdegree}0.026 Pg/yr. Emissions of CH4 are estimated to release {\textdegree} 0.046 Pg of carbon annually. Uncertainties beset estimates of both stocks and fluxes, particularly with regard to Soviet peatlands. The influence of water table alterations upon fluxes of both CO2 and CH4 is in great need of investigation over a wide range of peatland environments, especially in regions where permafrost melting, thermokarst erosion, and the development of thaw lakes are likely results of climatic warming. The role of fire in the carbon cycle of peatlands also deserves increased attention. Finally, satellite{\textemdash}monitoring of the abundance of open water in the peatlands of the West Siberian Plain and the Hudson/James Bay Lowland is suggested as a likely method of detecting early effects of climatic warming upon boreal and subarctic peatlands.},
  timestamp = {2015-06-29 08:04:00},
  number = {2},
  journal = {Ecol. Appl.},
  author = {Gorham, Eville},
  year = {1991},
  keywords = {Biomass,carbon cycle,CH4,climate warming,CO2,greenhouse effect,mires,peatland},
  pages = {182--195},
  file = {Gorham1991:/home/dangelo/.mozilla/firefox/xy3hpk07.default/zotero/storage/WWBGEJ8W/Gorham1991.pdf:application/pdf}
}

@article{turunen2002,
  title = {Estimating carbon accumulation rates of undrained mires in Finland{\textendash}application to boreal and subarctic regions},
  volume = {12},
  doi = {10.1191/0959683602hl522rp},
  timestamp = {2015-06-26 08:43:39},
  number = {1},
  urldate = {2014-05-04},
  journal = {The Holocene},
  author = {Turunen, Jukka and Tomppo, Erkki and Tolonen, Kimmo and Reinikainen, Antti},
  year = {2002},
  pages = {69--80},
  file = {Snapshot:/home/dangelo/.mozilla/firefox/xy3hpk07.default/zotero/storage/XQRAJ3PB/69.html:text/html;Turunen et al. - 2002 - Estimating carbon accumulation rates of undrained .PDF:/home/dangelo/.mozilla/firefox/xy3hpk07.default/zotero/storage/JA34KA8E/Turunen et al. - 2002 - Estimating carbon accumulation rates of undrained .PDF:application/pdf}
}

@incollection{ciais2014,
  title = {Carbon and other biogeochemical cycles},
  url = {http://pubman.mpdl.mpg.de/pubman/item/escidoc:2058766/component/escidoc:2058768/WG1AR5_Chapter06_FINAL.pdf},
  timestamp = {2014-12-30 22:16:28},
  urldate = {2014-12-30},
  booktitle = {Climate Change 2013: The Physical Science Basis. Contribution of Working Group I to the Fifth Assessment Report of the Intergovernmental Panel on Climate Change},
  publisher = {Cambridge University Press},
  author = {Ciais, Philippe and Sabine, Christopher and Bala, Govindasamy and Bopp, Laurent and Brovkin, Victor and Canadell, Josep and Chhabra, Abha and {DeFries}, Ruth and Galloway, James and Heimann, Martin and others, undefined},
  year = {2014},
  pages = {465--570},
  file = {[PDF] à partir de mpg.de:/home/dangelo/.mozilla/firefox/xy3hpk07.default/zotero/storage/ARTF6ACD/Ciais et al. - 2014 - Carbon and other biogeochemical cycles.pdf:application/pdf}
}

@article{robert2003,
  title = {Contribution des {\'e}cosyst{\`e}mes continentaux {\`a} la s{\'e}questration du carbone},
  volume = {335},
  issn = {1631-0713},
  doi = {10.1016/S1631-0713(03)00094-4},
  abstract = {R{\'e}sum{\'e}
Cet article est centr{\'e} sur la contribution des {\'e}cosyst{\`e}mes naturels (for{\^e}ts, prairies) ou cultiv{\'e}s au stockage de carbone, dans la biomasse et dans les sols. Les stocks actuels sont importants (650 Gt pour la v{\'e}g{\'e}tation, 1500 {\`a} 2000 Gt pour les sols contre 750 Gt pour le CO2 atmosph{\'e}rique) ; les flux le sont {\'e}galement, avec des {\'e}missions de CO2 dans le pass{\'e} (d{\'e}forestation, mise en culture) et actuellement un stockage de carbone (\&gt;2 GtC/an). Cet article met en {\'e}vidence la variabilit{\'e} des stocks et des flux, ainsi que les grandes difficult{\'e}s de mesure, en particulier pour ce qui concerne les variations des stocks. Une action anthropique par le reboisement, le changement d'utilisation des terres et de bonnes pratiques culturales peuvent augmenter la s{\'e}questration de carbone dans la biomasse et dans les sols pour des dur{\'e}es de plusieurs d{\'e}cennies, ce qui peut constituer un apport non n{\'e}gligeable {\`a} la lutte contre l'effet de serre dans le cadre du protocole de Kyoto et peut avoir, en plus, des effets b{\'e}n{\'e}fiques pour l'environnement. Pour citer cet article : M. Robert, B. Saugier, C. R. Geoscience 335 (2003).

This article focuses on the contribution of natural ecosystems (forests, grasslands) and agrosystems to carbon sequestration either in biomass or in soil. Carbon stocks are important (650 Gt in biomass, 1500 to 2000 Gt in soils as compared with 750 for atmospheric CO2), and also fluxes that led to CO2 emissions in the past (due to deforestation or cultivation) and which now turn to carbon sequestration (2 GtC/year). This article shows great spatial variations in stocks and fluxes and great measurement difficulties, especially for stock variations. Anthropic actions such as reforestation (mainly in the North), changes in land use or in crop management, can increase carbon sequestration in biomass or soil, with a residence time of several decades, which is not insignificant with respect to the Kyoto protocol and which also has other environmental benefits. To cite this article: M. Robert, B. Saugier, C. R. Geoscience 335 (2003).},
  timestamp = {2013-10-18 05:33:39},
  number = {6{\textendash}7},
  urldate = {2013-10-18},
  journal = {Comptes Rendus Geoscience},
  author = {Robert, Michel and Saugier, Bernard},
  year = {2003},
  keywords = {agriculture,biomass,carbon sink,changement climatique,climatic change,effet de serre,forest,for{\^e}t,Grassland,greenhouse effect,Kyoto protocol,labour,land use,mati{\`e}re organique des sols,prairie,protocole de Kyoto,puits de carbone,Soil,Soil organic matter,sol,tillage,utilisation des terres},
  pages = {577--595},
  file = {ScienceDirect Full Text PDF:/home/dangelo/.mozilla/firefox/xy3hpk07.default/zotero/storage/M4ZGVBH6/Robert et Saugier - 2003 - Contribution des écosystèmes continentaux à la séq.pdf:application/pdf;ScienceDirect Snapshot:/home/dangelo/.mozilla/firefox/xy3hpk07.default/zotero/storage/3JZBDB38/S1631071303000944.html:text/html}
}

@article{post1982,
  title = {Soil carbon pools and world life zones},
  url = {http://www.nature.com/nature/journal/v298/n5870/abs/298156a0.html},
  timestamp = {2014-05-05 05:24:54},
  urldate = {2014-05-05},
  author = {Post, Wilfred M. and Emanuel, William R. and Zinke, Paul J. and Stangenberger, Alan G.},
  year = {1982},
  file = {Post et al. - 1982 - Soil carbon pools and world life zones.pdf:/home/dangelo/.mozilla/firefox/xy3hpk07.default/zotero/storage/R72MZNS3/Post et al. - 1982 - Soil carbon pools and world life zones.pdf:application/pdf;Snapshot:/home/dangelo/.mozilla/firefox/xy3hpk07.default/zotero/storage/794VJTN7/298156a0.html:text/html}
}

@article{eswaran1993,
  title = {Organic carbon in soils of the world},
  volume = {57},
  doi = {10.2136/sssaj1993.03615995005700010034x},
  timestamp = {2015-06-29 08:02:56},
  number = {1},
  urldate = {2014-05-05},
  journal = {Soil Sci. Soc. Am. J.},
  author = {Eswaran, Hari and Van Den Berg, Evert and Reich, Paul},
  year = {1993},
  pages = {192--194},
  file = {Eswaran et al. - 1993 - Organic carbon in soils of the world.pdf:/home/dangelo/.mozilla/firefox/xy3hpk07.default/zotero/storage/SDUDBSKS/Eswaran et al. - 1993 - Organic carbon in soils of the world.pdf:application/pdf}
}

@article{post1990,
  title = {The global carbon cycle},
  volume = {78},
  url = {http://www.as.wvu.edu/biology/bio463/globalcarbon.pdf},
  timestamp = {2014-05-05 05:45:54},
  number = {4},
  urldate = {2014-05-05},
  journal = {Am. Sci.},
  author = {Post, Wilfred M. and Peng, Tsung-Hung and Emanuel, William R. and King, Anthony W. and Dale, Virginia H. and {DeAngelis}, Donald L.},
  year = {1990},
  pages = {310--326},
  file = {Post et al. - 1990 - The global carbon cycle.pdf:/home/dangelo/.mozilla/firefox/xy3hpk07.default/zotero/storage/77AITH5D/Post et al. - 1990 - The global carbon cycle.pdf:application/pdf}
}

@article{siegenthaler1987,
  title = {Biospheric {CO}\textsubscript{2} emissions during the past 200 years reconstructed by deconvolution of ice core data},
  volume = {39B},
  copyright = {1987 Blackwell Munksgaard},
  issn = {1600-0889},
  doi = {10.1111/j.1600-0889.1987.tb00278.x},
  abstract = {Measurements on air trapped in old polar ice have revealed that the pre-industrial atmosphere contained 280 ppm of CO2 and that \ensuremath{\delta}13C of atmospheric CO2 decreased by about 1.1 \%, until 1980. These measurements show that considerable amounts of non-fossil CO2 must have already been emitted into the atmosphere in the 19th century. Quantitative estimates of the emission rates were performed by deconvolving the CO2 and \ensuremath{\delta}13C records, using models of the global carbon cycle (box-diffusion and outcrop-diffusion ocean, four-box biosphere). Depending on the structure of the ocean submodel, deconvolution of the CO2 record yields a cumulative non-fossil production of about 90 to 150 Gt C until 1980, of which more than 50\% were released prior to 1900. According to the model results, the net non-fossil production rate was roughly constant in the 19th and the first part of the 20th century. In the past 30 years, smaller values are obtained (0-0.9 Gt C yr-1) which are at the lower limit or below current ecological estimates for deforestation and land use (1.6 \ensuremath{\pm} 0.8 Gt C yr-1). The difference might possibly be due to other sinks, e.g., stimulation of plant productivity by the enhanced CO2 concentration. Calculated 13C and 14C time histories agree well with the observed changes. While the change of the atmospheric CO2 concentration reflects more the cumulative carbon release, the isotope concentrations are more sensitive to short-term changes of the emission rate. The reason is that the oceanic uptake capacity is smaller for excess CO2 by the buffer factor of {\texttildelow} 10 than for an isotopic perturbation.},
  language = {en},
  timestamp = {2015-07-03 11:21:50},
  number = {1-2},
  urldate = {2014-12-04},
  journal = {Tellus B},
  author = {Siegenthaler, U. and Oeschger, H.},
  year = {1987},
  pages = {140--154},
  file = {Siegenthaler et Oeschger - 1987 - Biospheric CO2 emissions during the past 200 years.pdf:/home/dangelo/.mozilla/firefox/xy3hpk07.default/zotero/storage/3AET9U6B/Siegenthaler et Oeschger - 1987 - Biospheric CO2 emissions during the past 200 years.pdf:application/pdf;Snapshot:/home/dangelo/.mozilla/firefox/xy3hpk07.default/zotero/storage/DJC7UAJF/abstract.html:text/html}
}

@article{harris2010,
  title = {Charles David Keeling and the Story of Atmospheric {CO}2 Measurements{\textdagger}},
  volume = {82},
  issn = {0003-2700},
  doi = {10.1021/ac1001492},
  abstract = {When he was a postdoc in geochemistry at Caltech, Charles David Keeling found himself ideally prepared for the moment when funding for the International Geophysical Year enabled him to design and build a CO2 monitoring station on Mauna Loa in Hawaii in 1957. He applied rigorous analytical procedures to a geophysical study with enormous implications for humanity.},
  timestamp = {2014-12-04 07:38:55},
  number = {19},
  urldate = {2014-12-04},
  journal = {Anal. Chem.},
  author = {Harris, Daniel C.},
  month = oct,
  year = {2010},
  pages = {7865--7870},
  file = {ACS Full Text Snapshot:/home/dangelo/.mozilla/firefox/xy3hpk07.default/zotero/storage/SJQGWJW2/ac1001492.html:text/html;Harris - 2010 - Charles David Keeling and the Story of Atmospheric.pdf:/home/dangelo/.mozilla/firefox/xy3hpk07.default/zotero/storage/2C9EP8U7/Harris - 2010 - Charles David Keeling and the Story of Atmospheric.pdf:application/pdf}
}

@article{beer2010,
  pmid = {20603496},
  title = {Terrestrial Gross Carbon Dioxide Uptake: Global Distribution and Covariation with Climate},
  volume = {329},
  issn = {0036-8075, 1095-9203},
  shorttitle = {Terrestrial Gross Carbon Dioxide Uptake},
  doi = {10.1126/science.1184984},
  abstract = {Terrestrial gross primary production (GPP) is the largest global CO2 flux driving several ecosystem functions. We provide an observation-based estimate of this flux at 123 \ensuremath{\pm} 8 petagrams of carbon per year (Pg C year-1) using eddy covariance flux data and various diagnostic models. Tropical forests and savannahs account for 60\%. GPP over 40\% of the vegetated land is associated with precipitation. State-of-the-art process-oriented biosphere models used for climate predictions exhibit a large between-model variation of GPP's latitudinal patterns and show higher spatial correlations between GPP and precipitation, suggesting the existence of missing processes or feedback mechanisms which attenuate the vegetation response to climate. Our estimates of spatially distributed GPP and its covariation with climate can help improve coupled climate{\textendash}carbon cycle process models.},
  language = {en},
  timestamp = {2014-12-12 08:31:00},
  number = {5993},
  urldate = {2014-12-12},
  journal = {Science},
  author = {Beer, Christian and Reichstein, Markus and Tomelleri, Enrico and Ciais, Philippe and Jung, Martin and Carvalhais, Nuno and R{\"o}denbeck, Christian and Arain, M. Altaf and Baldocchi, Dennis and Bonan, Gordon B. and Bondeau, Alberte and Cescatti, Alessandro and Lasslop, Gitta and Lindroth, Anders and Lomas, Mark and Luyssaert, Sebastiaan and Margolis, Hank and Oleson, Keith W. and Roupsard, Olivier and Veenendaal, Elmar and Viovy, Nicolas and Williams, Christopher and Woodward, F. Ian and Papale, Dario},
  month = aug,
  year = {2010},
  keywords = {imprim{\'e},ipcc2013},
  pages = {834--838},
  file = {Beer et al. - 2010 - Terrestrial Gross Carbon Dioxide Uptake Global Di.pdf:/home/dangelo/.mozilla/firefox/xy3hpk07.default/zotero/storage/8G6XNW5H/Beer et al. - 2010 - Terrestrial Gross Carbon Dioxide Uptake Global Di.pdf:application/pdf;Snapshot:/home/dangelo/.mozilla/firefox/xy3hpk07.default/zotero/storage/DI7ZSE8F/834.html:text/html}
}

@book{joosten2002,
  title = {Wise use of mires and peatlands},
  url = {http://www.gret-perg.ulaval.ca/fileadmin/fichiers/fichiersGRET/pdf/Doc_generale/WUMP_Wise_Use_of_Mires_and_Peatlands_book.pdf},
  timestamp = {2014-12-12 10:24:09},
  urldate = {2014-12-12},
  publisher = {International mire conservation group},
  author = {Joosten, Hans and Clarke, Donal},
  year = {2002},
  file = {Joosten et Clarke - 2002 - Wise use of mires and peatlands.pdf:/home/dangelo/.mozilla/firefox/xy3hpk07.default/zotero/storage/TWMAJQTJ/Joosten et Clarke - 2002 - Wise use of mires and peatlands.pdf:application/pdf}
}

@article{bond-lamberty2010,
  title = {Temperature-associated increases in the global soil respiration record},
  volume = {464},
  copyright = {{\textcopyright} 2010 Nature Publishing Group},
  issn = {0028-0836},
  doi = {10.1038/nature08930},
  abstract = {Soil respiration, RS, the flux of microbially and plant-respired carbon dioxide (CO2) from the soil surface to the atmosphere, is the second-largest terrestrial carbon flux. However, the dynamics of RS are not well understood and the global flux remains poorly constrained. Ecosystem warming experiments, modelling analyses and fundamental biokinetics all suggest that RS should change with climate. This has been difficult to confirm observationally because of the high spatial variability of RS, inaccessibility of the soil medium and the inability of remote-sensing instruments to measure RS on large scales. Despite these constraints, it may be possible to discern climate-driven changes in regional or global RS values in the extant four-decade record of RS chamber measurements. Here we construct a database of worldwide RS observations matched with high-resolution historical climate data and find a previously unknown temporal trend in the RS record after accounting for mean annual climate, leaf area, nitrogen deposition and changes in CO2 measurement technique. We find that the air temperature anomaly (the deviation from the 1961{\textendash}1990 mean) is significantly and positively correlated with changes in RS. We estimate that the global RS in 2008 (that is, the flux integrated over the Earth's land surface over 2008) was 98 \ensuremath{\pm} 12 Pg C and that it increased by 0.1 Pg C yr-1 between 1989 and 2008, implying a global RS response to air temperature (Q10) of 1.5. An increasing global RS value does not necessarily constitute a positive feedback to the atmosphere, as it could be driven by higher carbon inputs to soil rather than by mobilization of stored older carbon. The available data are, however, consistent with an acceleration of the terrestrial carbon cycle in response to global climate change.},
  language = {en},
  timestamp = {2015-01-13 09:15:50},
  number = {7288},
  urldate = {2015-01-13},
  journal = {Nature},
  author = {Bond-Lamberty, Ben and Thomson, Allison},
  month = mar,
  year = {2010},
  pages = {579--582},
  file = {nature08930.pdf:/home/dangelo/.mozilla/firefox/xy3hpk07.default/zotero/storage/C24VC6PJ/nature08930.pdf:application/pdf;Snapshot:/home/dangelo/.mozilla/firefox/xy3hpk07.default/zotero/storage/D9NJQ8DP/nature08930.html:text/html}
}

@article{francez2000,
  title = {La dynamique du carbone dans les tourbi{\`e}res {\`a} Sphagnum, de la sphaine {\`a} l'effet de serre},
  volume = {39},
  doi = {10.1016/S0003-5017(00)90002-3},
  abstract = {Les tourbi{\`e}res {\`a} Sphagnum accumulent de la tourbe et du carbone en fonctionnant comme un syst{\`e}me "puits", la fixation de carbone par la v{\'e}g{\'e}tation {\'e}tant sup{\'e}rieure {\`a} la d{\'e}composition de la mati{\`e}re organique. La production primaire totale annuelle des tourbi{\`e}res sphaignes non bois{\'e}es est en g{\'e}n{\'e}ral inf{\'e}rieure {\`a} 500 g C.m 2, la contribution de la strate muscinale pouvant parfois atteindre pr{\`e}s de 80 \%. L'accumulation annuelle moyenne de carbone dans les tourbi{\`e}res bor{\'e}ales avoisinent 30 g.m -2. L'{\'e}tude des flux entrants et sortants de la tourbi{\`e}re montre que l'accumulation correspond {\`a} 10 \% de la production primaire. Le rapport de l'accumulation h la production augmente du bas- vers le haut-marais et varie avec les esp{\`e}ces v{\'e}g{\'e}tales. Les {\'e}missions de m{\'e}thane des tourbi{\`e}res dans l'atmosph{\`e}re sont {\'e}valu{\'e}es {\`a} 39 Tg.an-1 (1 Tg = 1012 g), soit pr{\`e}s de 35 \% des quantit{\'e}s {\'e}mises par les zones humides. Elles varient avec le type de tourbi{\`e}re, les groupements v{\'e}g{\'e}taux, la saison et peuvent atteindre 3 g CH4.m-2.jour-1. Les tourbi{\`e}res ont beaucoup {\'e}t{\'e} utilis{\'e}es {\`a} des fins agricoles et mini{\`e}res. Le drainage pr{\'e}alable {\`a} ces utilisations et les am{\'e}nagements qui en d{\'e}coulent ont debouch{\'e} sur une remise en circulation des stocks historiquement accumul{\'e}s. Il aurait ainsi {\'e}t{\'e} lib{\'e}r{\'e} 6500 Mt de carbone dans l'atmosph{\`e}re depuis le d{\'e}but du XlXe si{\`e}cle. La contribution des tourbi{\`e}res exploit{\'e}es pour la tourbe comme combustible pourrait {\^e}tre {\`a} terme comparable {\`a} celle du charbon. L ' impact de l'augmentation des d{\'e}p{\^o}ts atmosph{\'e}riques (azote, soufre ...) n'est pas totalement cern{\'e} mais il semble qu'elle puisse avoir entrain{\'e} la disparition de surfaces significatives de tourbi{\`e}res et une modification des communaut{\'e}s (d{\'e}croissance des sphaignes en particulier) dans certaines r{\'e}gions d'Europe. Les exp{\'e}riences de restauration de sites anciennement exploit{\'e}s montrent qu'il est possible, dans certaines conditions, de relancer l'activit{\'e} de tourbification mais la tourbi{\`e}re peut fonctionner comme un syst{\`e}me "source" pour le carbone, plusieurs ann{\'e}es apr{\`e}s les op{\'e}rations de r{\'e}habilitation.},
  timestamp = {2013-05-20 08:45:20},
  journal = {L'Ann{\'e}e Biologique},
  author = {Francez, Andr{\'e}-Jean},
  year = {2000},
  keywords = {accumulation,acrotelm,bog,catotelm,CH4,CO2,decomposition,disturbance,fen,peat,primary production,restoration,`sink-source' ecosystem},
  pages = {205--270},
  file = {Francez2000:/home/dangelo/.mozilla/firefox/xy3hpk07.default/zotero/storage/I4FBMXC2/Francez2000.pdf:application/pdf}
}

@book{society2008,
  title = {Peatlands and climate change},
  isbn = {978-952-99401-1-0},
  language = {en},
  timestamp = {2013-05-31 07:12:49},
  publisher = {{IPS}, International Peat Society},
  author = {Society, International Peat},
  year = {2008},
  keywords = {Climatic changes,greenhouseGas,Peatland ecology,Peatland management,Peatlands,Science / Earth Sciences / Meteorology \& Climatology,Science / Environmental Science},
  file = {[book]Strack2012.pdf:/home/dangelo/.mozilla/firefox/xy3hpk07.default/zotero/storage/7KP69NDV/[book]Strack2012.pdf:application/pdf}
}

@book{lappalainen1996,
  title = {Global peat resources},
  volume = {4},
  url = {http://library.wur.nl/WebQuery/clc/928230},
  timestamp = {2015-07-07 11:35:37},
  urldate = {2015-07-07},
  publisher = {International Peat Society Jysk{\"a}},
  author = {Lappalainen, Eino},
  year = {1996},
  file = {Snapshot:/home/dangelo/.mozilla/firefox/xy3hpk07.default/zotero/storage/R7KQE3G3/928230.html:text/html}
}

@book{manneville1999,
  title = {Le monde des tourbi{\`e}res et des marais: France, Suisse, Belgique et Luxembourg},
  shorttitle = {Le monde des tourbi{\`e}res et des marais},
  timestamp = {2015-07-09 06:26:49},
  publisher = {Delachaux \& Niestle},
  author = {Manneville, Olivier},
  year = {1999}
}

@comment{jabref-meta: groupsversion:3;}
@comment{jabref-meta: groupstree:
0 AllEntriesGroup:;
1 ExplicitGroup:1.introduction\;0\;gorham1991\;turunen2002\;ciais2014\
;robert2003\;post1982\;eswaran1993\;post1990\;siegenthaler1987\;harris
2010\;beer2010\;joosten2002\;bond-lamberty2010\;;
1 ExplicitGroup:2.Chap1 - Synthèse bibliographique\;0\;francez2000\;so
ciety2008\;joosten2002\;lappalainen1996\;manneville1999\;;
1 ExplicitGroup:3.Chap2 - Sites d'études et méthodologies employées\;0
\;;
}

